@INPROCEEDINGS {patferrel,
    author       = "Pat Ferrel",
    title        = "The Big Idea Universal Recommender",
    booktitle    = "Anatomy of a Recommendation Personalized",
    year         = "2014",
    editor       = "Chief Consultant",
    month        = "oct",
    organization = "ActionML",
    note         = "\url{https://www.slideshare.net/pferrel/unified-recommender-39986309}"
}

@misc{fuzzywuzzy,
  author = {Adam Cohen},
  title = {Fuzzy String Matching in Python},
  year = {2011},
  publisher = {GitHub},
  journal = {GitHub repository},
  howpublished = {\url{https://github.com/seatgeek/fuzzywuzzy}},
}

@inproceedings{rehurek_lrec,
      title = {{Software Framework for Topic Modelling with Large Corpora}},
      author = {Radim {\v R}eh{\r u}{\v r}ek and Petr Sojka},
      booktitle = {{Proceedings of the LREC 2010 Workshop on New
           Challenges for NLP Frameworks}},
      pages = {45--50},
      year = 2010,
      month = May,
      day = 22,
      address = {Valletta, Malta},
      note={\url{http://is.muni.cz/publication/884893/en}},
      language={English}
}

@misc{EvaluationExplained,
  author       = {Justin Yip},
  title        = {Evaluation Explained (Recommendation) - PredictionIO},
  howpublished = {\url{http://predictionio.incubator.apache.org/templates/recommendation/evaluation/}},
  year         = 2016
}

@misc{ActionMLAdvancedTuning,
    author = "ActionML",
    title  = "Advanced Tuning: Finding the Strongest User Indicators, MAP@k",
    year   = "2016",
    howpublished = {\url{http://actionml.com/docs/ur_advanced_tuning}},
}

@misc{UniversalRecommender,
    author = "ActionML",
    title  = "The Universal Recommender: The Correlated Cross-Occurrence Algorithm (CCO)",
    year   = "2016",
    howpublished = {\url{http://actionml.com/docs/ur}},
}

@misc{kaggleMAP,
    author = "kaggle",
    title  = " Mean Average Precision ",
    year   = "2017",
    howpublished = {\url{https://www.kaggle.com/wiki/MeanAveragePrecision
}},
}

@misc{orangeSA,
    author = "Orange S.A.",
    title = "Orange - Get to know us better",
    month = "dec",
    year  = "2016",
    howpublished = {\url{https://orange.jobs/site/get-to-know-us-better/index.htm}},
}

@misc{Mahout,
    author = "Version 2.0, The Apache Software Foundation: Licensed under the Apache License",
    title = "Intro to Cooccurrence Recommenders with Spark",
    year = 2016,
    howpublished = {\url{https://mahout.apache.org/users/algorithms/intro-cooccurrence-spark.html}},
}